
@article{UserManual,
author = {foxelas}},
title = {{How to make a report}}
}


