% Encoding: UTF-8
@misc{ac, 
title={Facts and Figures 2018},
author={American Society},
year={2018},
url={www.alink.org/er.pdf}, 
urldate = {2018-05-03}
}

@Article{aa,
  title={Epidemiology},
  author={Last, First},
  journal={Journal of Humor},
  volume={4},
  number={2},
  pages={369--373},
  year={2016}
}



@Inproceedings{ab,
  author       = {Last, First and Last, Second R and Last, Third S},
  title        = {An Estimation},
  booktitle    = {IRERIER Conference},
  year         = {2008},
  volume       = {2008},
  number       = {1},
  pages        = {279--284},
  organization = {Society for Technology},
}

