@article{UserManual,
author = {foxelas},
doi = {10.XXXXX/XXXXX},
title = {How to make a report},
month = {jul},
number = {4},
pages = {391--406},
url = {https://onlinelibrary.wiley.com/doi/10.XXXXX/XXXXX},
volume = {40},
year = {2023}
}
